<?xml version="1.0" encoding="UTF-8"?><collection xmlns="http://www.loc.gov/MARC21/slim"><record><leader>00523nam--2200193-u-4500</leader><controlfield tag="001">000052574</controlfield><controlfield tag="002">20161230</controlfield><controlfield tag="005">20161230201050</controlfield><controlfield tag="008">100914s1000------------r-----000-0-rus-d</controlfield><datafield ind1=" " ind2=" " tag="040"><subfield code="a">IFIN-HH</subfield></datafield><datafield ind1=" " ind2=" " tag="041"><subfield code="a">rus</subfield></datafield><datafield ind1=" " ind2=" " tag="080"><subfield code="a">533.66</subfield></datafield><datafield ind1="1" ind2=" " tag="100"><subfield code="a">Babkin,V.I</subfield></datafield><datafield ind1="1" ind2="0" tag="245"><subfield code="a">Strui i nesuscie poverhnosti modelirovanie na evm</subfield><subfield code="c">V.I. Babkin, S.M. Belocerkovskii, V.V. Guliaev, A.V. Dvorak</subfield></datafield><datafield ind1=" " ind2=" " tag="260"><subfield code="a">Moskva</subfield><subfield code="b">Nauka</subfield><subfield code="c">1989</subfield></datafield><datafield ind1=" " ind2=" " tag="300"><subfield code="a">208 p</subfield></datafield><datafield ind1="1" ind2=" " tag="700"><subfield code="a">Dvorak, A.V</subfield></datafield><datafield ind1=" " ind2=" " tag="852"><subfield code="a">79025</subfield><subfield code="c">533.6</subfield></datafield><datafield ind1=" " ind2=" " tag="CAT"><subfield code="a">Sys</subfield><subfield code="c">20100914</subfield><subfield code="h">141636</subfield></datafield></record></collection>